%YAML 1.1
%TAG !u! tag:unity3d.com,2011:
--- !u!1 &530835831119930948
GameObject:
  m_ObjectHideFlags: 0
  m_CorrespondingSourceObject: {fileID: 0}
  m_PrefabInstance: {fileID: 0}
  m_PrefabAsset: {fileID: 0}
  serializedVersion: 6
  m_Component:
  - component: {fileID: 1301514330434322202}
  m_Layer: 0
  m_Name: Bone
  m_TagString: Untagged
  m_Icon: {fileID: 0}
  m_NavMeshLayer: 0
  m_StaticEditorFlags: 0
  m_IsActive: 1
--- !u!4 &1301514330434322202
Transform:
  m_ObjectHideFlags: 0
  m_CorrespondingSourceObject: {fileID: 0}
  m_PrefabInstance: {fileID: 0}
  m_PrefabAsset: {fileID: 0}
  m_GameObject: {fileID: 530835831119930948}
  m_LocalRotation: {x: -0.01865645, y: 0.00000011918854, z: 0.0000000022240214, w: 0.99982595}
  m_LocalPosition: {x: 1.4539637e-12, y: 0.00047645843, z: 0.000036807487}
  m_LocalScale: {x: 1, y: 1, z: 1}
  m_Children:
  - {fileID: 4724362258294168932}
  - {fileID: 7044795718698896192}
  - {fileID: 6515759131839579895}
  m_Father: {fileID: 3271993050371078309}
  m_RootOrder: 0
  m_LocalEulerAnglesHint: {x: 0, y: 0, z: 0}
--- !u!1 &531577872049301850
GameObject:
  m_ObjectHideFlags: 0
  m_CorrespondingSourceObject: {fileID: 0}
  m_PrefabInstance: {fileID: 0}
  m_PrefabAsset: {fileID: 0}
  serializedVersion: 6
  m_Component:
  - component: {fileID: 3271993050371078309}
  m_Layer: 0
  m_Name: spine
  m_TagString: Untagged
  m_Icon: {fileID: 0}
  m_NavMeshLayer: 0
  m_StaticEditorFlags: 0
  m_IsActive: 1
--- !u!4 &3271993050371078309
Transform:
  m_ObjectHideFlags: 0
  m_CorrespondingSourceObject: {fileID: 0}
  m_PrefabInstance: {fileID: 0}
  m_PrefabAsset: {fileID: 0}
  m_GameObject: {fileID: 531577872049301850}
  m_LocalRotation: {x: 0.72418034, y: -0.000000082208004, z: -0.00000008632902, w: 0.6896106}
  m_LocalPosition: {x: 3.1202183e-10, y: 0.00007212689, z: 0.011914598}
  m_LocalScale: {x: 1, y: 1, z: 0.99999994}
  m_Children:
  - {fileID: 1301514330434322202}
  - {fileID: 7907865254444792304}
  - {fileID: 4877328229672980894}
  m_Father: {fileID: 7494637595744059475}
  m_RootOrder: 0
  m_LocalEulerAnglesHint: {x: 0, y: 0, z: 0}
--- !u!1 &573892471691578487
GameObject:
  m_ObjectHideFlags: 0
  m_CorrespondingSourceObject: {fileID: 0}
  m_PrefabInstance: {fileID: 0}
  m_PrefabAsset: {fileID: 0}
  serializedVersion: 6
  m_Component:
  - component: {fileID: 7907865254444792304}
  m_Layer: 0
  m_Name: thigh.L
  m_TagString: Untagged
  m_Icon: {fileID: 0}
  m_NavMeshLayer: 0
  m_StaticEditorFlags: 0
  m_IsActive: 1
--- !u!4 &7907865254444792304
Transform:
  m_ObjectHideFlags: 0
  m_CorrespondingSourceObject: {fileID: 0}
  m_PrefabInstance: {fileID: 0}
  m_PrefabAsset: {fileID: 0}
  m_GameObject: {fileID: 573892471691578487}
  m_LocalRotation: {x: 0.9995672, y: 0.0000000067699752, z: -0.00000023851246, w: 0.029417995}
  m_LocalPosition: {x: -0.0024536692, y: -0.0003739465, z: 0.00013856935}
  m_LocalScale: {x: 1, y: 1, z: 0.99998176}
  m_Children:
  - {fileID: 2085177002084475303}
  m_Father: {fileID: 3271993050371078309}
  m_RootOrder: 1
  m_LocalEulerAnglesHint: {x: 0, y: 0, z: 0}
--- !u!1 &665068231963225147
GameObject:
  m_ObjectHideFlags: 0
  m_CorrespondingSourceObject: {fileID: 0}
  m_PrefabInstance: {fileID: 0}
  m_PrefabAsset: {fileID: 0}
  serializedVersion: 6
  m_Component:
  - component: {fileID: 4567096219494932008}
  - component: {fileID: 6305254050322051037}
  - component: {fileID: 1463011514859397553}
  - component: {fileID: 2329951818644689284}
  m_Layer: 0
  m_Name: WarriorAnimated
  m_TagString: Enemy1
  m_Icon: {fileID: 0}
  m_NavMeshLayer: 0
  m_StaticEditorFlags: 0
  m_IsActive: 1
--- !u!4 &4567096219494932008
Transform:
  m_ObjectHideFlags: 0
  m_CorrespondingSourceObject: {fileID: 0}
  m_PrefabInstance: {fileID: 0}
  m_PrefabAsset: {fileID: 0}
  m_GameObject: {fileID: 665068231963225147}
  m_LocalRotation: {x: 0, y: 0, z: 0, w: 1}
  m_LocalPosition: {x: 16.254171, y: -0.408, z: 4.48158}
  m_LocalScale: {x: 0.5, y: 0.5, z: 0.5}
  m_Children:
  - {fileID: 7494637595744059475}
  - {fileID: 1073424308135621763}
  m_Father: {fileID: 0}
  m_RootOrder: 0
  m_LocalEulerAnglesHint: {x: 0, y: 0, z: 0}
--- !u!95 &6305254050322051037
Animator:
  serializedVersion: 3
  m_ObjectHideFlags: 0
  m_CorrespondingSourceObject: {fileID: 0}
  m_PrefabInstance: {fileID: 0}
  m_PrefabAsset: {fileID: 0}
  m_GameObject: {fileID: 665068231963225147}
  m_Enabled: 1
  m_Avatar: {fileID: 0}
  m_Controller: {fileID: 9100000, guid: a4a00e80e9de71847b2386e48209bf36, type: 2}
  m_CullingMode: 0
  m_UpdateMode: 0
  m_ApplyRootMotion: 0
  m_LinearVelocityBlending: 0
  m_WarningMessage: 
  m_HasTransformHierarchy: 1
  m_AllowConstantClipSamplingOptimization: 1
  m_KeepAnimatorControllerStateOnDisable: 0
--- !u!114 &1463011514859397553
MonoBehaviour:
  m_ObjectHideFlags: 0
  m_CorrespondingSourceObject: {fileID: 0}
  m_PrefabInstance: {fileID: 0}
  m_PrefabAsset: {fileID: 0}
  m_GameObject: {fileID: 665068231963225147}
  m_Enabled: 1
  m_EditorHideFlags: 0
  m_Script: {fileID: 11500000, guid: 6e1743988cbfa764b90b56b429e89456, type: 3}
  m_Name: 
  m_EditorClassIdentifier: 
  startSpeed: 1
  speed: 1
  health: 5
  healthPrefab: {fileID: 1232702979752546191, guid: fb7ef3c356cfeac41858296225772b7a,
    type: 3}
  spawner: {fileID: 0}
  offsetY: 1.4
  dead: {fileID: 8300000, guid: 47f308e25059560479a13a315f1b5e00, type: 3}
  spawnOffsetY: -0.7
  spawnOffset: {x: 0, y: 0, z: 0}
--- !u!65 &2329951818644689284
BoxCollider:
  m_ObjectHideFlags: 0
  m_CorrespondingSourceObject: {fileID: 0}
  m_PrefabInstance: {fileID: 0}
  m_PrefabAsset: {fileID: 0}
  m_GameObject: {fileID: 665068231963225147}
  m_Material: {fileID: 0}
  m_IsTrigger: 0
  m_Enabled: 1
  serializedVersion: 2
  m_Size: {x: 0.5, y: 2.5, z: 1}
  m_Center: {x: 0, y: 1.3, z: 0}
--- !u!1 &860866125437176711
GameObject:
  m_ObjectHideFlags: 0
  m_CorrespondingSourceObject: {fileID: 0}
  m_PrefabInstance: {fileID: 0}
  m_PrefabAsset: {fileID: 0}
  serializedVersion: 6
  m_Component:
  - component: {fileID: 2085177002084475303}
  m_Layer: 0
  m_Name: shin.L
  m_TagString: Untagged
  m_Icon: {fileID: 0}
  m_NavMeshLayer: 0
  m_StaticEditorFlags: 0
  m_IsActive: 1
--- !u!4 &2085177002084475303
Transform:
  m_ObjectHideFlags: 0
  m_CorrespondingSourceObject: {fileID: 0}
  m_PrefabInstance: {fileID: 0}
  m_PrefabAsset: {fileID: 0}
  m_GameObject: {fileID: 860866125437176711}
  m_LocalRotation: {x: -0.24700882, y: 0.00000011391091, z: 0.000000036611482, w: 0.9690133}
  m_LocalPosition: {x: -2.5123414e-10, y: 0.0053482642, z: -1.7645262e-12}
  m_LocalScale: {x: 1, y: 0.9999999, z: 0.99999994}
  m_Children: []
  m_Father: {fileID: 7907865254444792304}
  m_RootOrder: 0
  m_LocalEulerAnglesHint: {x: 4.4994717, y: 0.000014023761, z: 0.00000071413865}
--- !u!1 &1165934350256417976
GameObject:
  m_ObjectHideFlags: 0
  m_CorrespondingSourceObject: {fileID: 0}
  m_PrefabInstance: {fileID: 0}
  m_PrefabAsset: {fileID: 0}
  serializedVersion: 6
  m_Component:
  - component: {fileID: 7044795718698896192}
  m_Layer: 0
  m_Name: shoulder.R
  m_TagString: Untagged
  m_Icon: {fileID: 0}
  m_NavMeshLayer: 0
  m_StaticEditorFlags: 0
  m_IsActive: 1
--- !u!4 &7044795718698896192
Transform:
  m_ObjectHideFlags: 0
  m_CorrespondingSourceObject: {fileID: 0}
  m_PrefabInstance: {fileID: 0}
  m_PrefabAsset: {fileID: 0}
  m_GameObject: {fileID: 1165934350256417976}
  m_LocalRotation: {x: -0.61752355, y: -0.35294035, z: -0.34912142, w: 0.6100919}
  m_LocalPosition: {x: 0.000183, y: 0.0044876114, z: 0.00080409483}
  m_LocalScale: {x: 1, y: 1, z: 1}
  m_Children:
  - {fileID: 5142900995257921400}
  m_Father: {fileID: 1301514330434322202}
  m_RootOrder: 1
  m_LocalEulerAnglesHint: {x: 0, y: 0, z: 0}
--- !u!1 &1464718922517453330
GameObject:
  m_ObjectHideFlags: 0
  m_CorrespondingSourceObject: {fileID: 0}
  m_PrefabInstance: {fileID: 0}
  m_PrefabAsset: {fileID: 0}
  serializedVersion: 6
  m_Component:
  - component: {fileID: 4805230342668988176}
  m_Layer: 0
  m_Name: forearm.R
  m_TagString: Untagged
  m_Icon: {fileID: 0}
  m_NavMeshLayer: 0
  m_StaticEditorFlags: 0
  m_IsActive: 1
--- !u!4 &4805230342668988176
Transform:
  m_ObjectHideFlags: 0
  m_CorrespondingSourceObject: {fileID: 0}
  m_PrefabInstance: {fileID: 0}
  m_PrefabAsset: {fileID: 0}
  m_GameObject: {fileID: 1464718922517453330}
  m_LocalRotation: {x: 0.3696363, y: -0.1905068, z: -0.40152225, w: 0.8160001}
  m_LocalPosition: {x: -4.691537e-10, y: 0.005449233, z: 3.7252902e-11}
  m_LocalScale: {x: 1, y: 0.99999994, z: 1}
  m_Children:
  - {fileID: 2948796897623956572}
  m_Father: {fileID: 5142900995257921400}
  m_RootOrder: 0
  m_LocalEulerAnglesHint: {x: 1.1827459, y: 6.245123, z: -57.292763}
--- !u!1 &1492472608076737294
GameObject:
  m_ObjectHideFlags: 0
  m_CorrespondingSourceObject: {fileID: 0}
  m_PrefabInstance: {fileID: 0}
  m_PrefabAsset: {fileID: 0}
  serializedVersion: 6
  m_Component:
  - component: {fileID: 1073424308135621763}
  - component: {fileID: 3373685730716384687}
  m_Layer: 0
  m_Name: Remeshed
  m_TagString: Untagged
  m_Icon: {fileID: 0}
  m_NavMeshLayer: 0
  m_StaticEditorFlags: 0
  m_IsActive: 1
--- !u!4 &1073424308135621763
Transform:
  m_ObjectHideFlags: 0
  m_CorrespondingSourceObject: {fileID: 0}
  m_PrefabInstance: {fileID: 0}
  m_PrefabAsset: {fileID: 0}
  m_GameObject: {fileID: 1492472608076737294}
  m_LocalRotation: {x: 0.000000081460335, y: -0.00000004371139, z: 3.621977e-15, w: 1}
  m_LocalPosition: {x: -0, y: 0, z: 0}
  m_LocalScale: {x: 100, y: 100, z: 100}
  m_Children: []
  m_Father: {fileID: 4567096219494932008}
  m_RootOrder: 1
  m_LocalEulerAnglesHint: {x: 0, y: 0, z: 0}
--- !u!137 &3373685730716384687
SkinnedMeshRenderer:
  m_ObjectHideFlags: 0
  m_CorrespondingSourceObject: {fileID: 0}
  m_PrefabInstance: {fileID: 0}
  m_PrefabAsset: {fileID: 0}
  m_GameObject: {fileID: 1492472608076737294}
  m_Enabled: 1
  m_CastShadows: 1
  m_ReceiveShadows: 1
  m_DynamicOccludee: 1
  m_MotionVectors: 1
  m_LightProbeUsage: 1
  m_ReflectionProbeUsage: 1
  m_RayTracingMode: 0
  m_RenderingLayerMask: 1
  m_RendererPriority: 0
  m_Materials:
  - {fileID: 6842584044724275946, guid: 6e467ec9814c13346b30b1f1775bf71d, type: 3}
  m_StaticBatchInfo:
    firstSubMesh: 0
    subMeshCount: 0
  m_StaticBatchRoot: {fileID: 0}
  m_ProbeAnchor: {fileID: 0}
  m_LightProbeVolumeOverride: {fileID: 0}
  m_ScaleInLightmap: 1
  m_ReceiveGI: 1
  m_PreserveUVs: 0
  m_IgnoreNormalsForChartDetection: 0
  m_ImportantGI: 0
  m_StitchLightmapSeams: 1
  m_SelectedEditorRenderState: 3
  m_MinimumChartSize: 4
  m_AutoUVMaxDistance: 0.5
  m_AutoUVMaxAngle: 89
  m_LightmapParameters: {fileID: 0}
  m_SortingLayerID: 0
  m_SortingLayer: 0
  m_SortingOrder: 0
  serializedVersion: 2
  m_Quality: 0
  m_UpdateWhenOffscreen: 0
  m_SkinnedMotionVectors: 1
  m_Mesh: {fileID: -1332349825348909263, guid: 6e467ec9814c13346b30b1f1775bf71d, type: 3}
  m_Bones:
  - {fileID: 3271993050371078309}
  - {fileID: 7907865254444792304}
  - {fileID: 2085177002084475303}
  - {fileID: 4877328229672980894}
  - {fileID: 4536097577554205793}
  - {fileID: 1301514330434322202}
  - {fileID: 6515759131839579895}
  - {fileID: 3314312219734852195}
  - {fileID: 4724362258294168932}
  - {fileID: 3977132745038790055}
  - {fileID: 1326872436835765289}
  - {fileID: 1495899457353264800}
  - {fileID: 7044795718698896192}
  - {fileID: 5142900995257921400}
  - {fileID: 4805230342668988176}
  - {fileID: 2948796897623956572}
  m_BlendShapeWeights:
  - 0
  - 0
  - 0
  - 0
  - 0
  - 0
  m_RootBone: {fileID: 3271993050371078309}
  m_AABB:
    m_Center: {x: -0.00087449374, y: 0.0022865254, z: 0.0063534155}
    m_Extent: {x: 0.013463294, y: 0.015756601, z: 0.013216183}
  m_DirtyAABB: 0
--- !u!1 &2745619229733037513
GameObject:
  m_ObjectHideFlags: 0
  m_CorrespondingSourceObject: {fileID: 0}
  m_PrefabInstance: {fileID: 0}
  m_PrefabAsset: {fileID: 0}
  serializedVersion: 6
  m_Component:
  - component: {fileID: 6515759131839579895}
  m_Layer: 0
  m_Name: spine.004
  m_TagString: Untagged
  m_Icon: {fileID: 0}
  m_NavMeshLayer: 0
  m_StaticEditorFlags: 0
  m_IsActive: 1
--- !u!4 &6515759131839579895
Transform:
  m_ObjectHideFlags: 0
  m_CorrespondingSourceObject: {fileID: 0}
  m_PrefabInstance: {fileID: 0}
  m_PrefabAsset: {fileID: 0}
  m_GameObject: {fileID: 2745619229733037513}
  m_LocalRotation: {x: 0.18203998, y: -1.4054253e-14, z: 2.150274e-15, w: 0.98329115}
  m_LocalPosition: {x: -1.4954845e-17, y: 0.005009336, z: 4.6566128e-12}
  m_LocalScale: {x: 1, y: 1, z: 1}
  m_Children:
  - {fileID: 3314312219734852195}
  m_Father: {fileID: 1301514330434322202}
  m_RootOrder: 2
  m_LocalEulerAnglesHint: {x: 0, y: 0, z: 0}
--- !u!1 &2781512057590560580
GameObject:
  m_ObjectHideFlags: 0
  m_CorrespondingSourceObject: {fileID: 0}
  m_PrefabInstance: {fileID: 0}
  m_PrefabAsset: {fileID: 0}
  serializedVersion: 6
  m_Component:
  - component: {fileID: 7494637595744059475}
  m_Layer: 0
  m_Name: metarig
  m_TagString: Untagged
  m_Icon: {fileID: 0}
  m_NavMeshLayer: 0
  m_StaticEditorFlags: 0
  m_IsActive: 1
--- !u!4 &7494637595744059475
Transform:
  m_ObjectHideFlags: 0
  m_CorrespondingSourceObject: {fileID: 0}
  m_PrefabInstance: {fileID: 0}
  m_PrefabAsset: {fileID: 0}
  m_GameObject: {fileID: 2781512057590560580}
  m_LocalRotation: {x: -0.7071067, y: -0.000000030908616, z: 0.000000030908623, w: 0.7071068}
  m_LocalPosition: {x: -0, y: 0, z: 0}
  m_LocalScale: {x: 100, y: 100, z: 100}
  m_Children:
  - {fileID: 3271993050371078309}
  m_Father: {fileID: 4567096219494932008}
  m_RootOrder: 0
  m_LocalEulerAnglesHint: {x: 0, y: 0, z: 0}
--- !u!1 &3453805404011893995
GameObject:
  m_ObjectHideFlags: 0
  m_CorrespondingSourceObject: {fileID: 0}
  m_PrefabInstance: {fileID: 0}
  m_PrefabAsset: {fileID: 0}
  serializedVersion: 6
  m_Component:
  - component: {fileID: 4536097577554205793}
  m_Layer: 0
  m_Name: shin.R
  m_TagString: Untagged
  m_Icon: {fileID: 0}
  m_NavMeshLayer: 0
  m_StaticEditorFlags: 0
  m_IsActive: 1
--- !u!4 &4536097577554205793
Transform:
  m_ObjectHideFlags: 0
  m_CorrespondingSourceObject: {fileID: 0}
  m_PrefabInstance: {fileID: 0}
  m_PrefabAsset: {fileID: 0}
  m_GameObject: {fileID: 3453805404011893995}
  m_LocalRotation: {x: 0.27272522, y: 0.0000000020256747, z: 0.00000000703917, w: 0.962092}
  m_LocalPosition: {x: -5.421959e-11, y: 0.0053481236, z: -4.532958e-12}
  m_LocalScale: {x: 1, y: 1, z: 1}
  m_Children: []
  m_Father: {fileID: 4877328229672980894}
  m_RootOrder: 0
  m_LocalEulerAnglesHint: {x: -15.929899, y: 0.000000025852756, z: 0.0000008192586}
--- !u!1 &3527712758530116228
GameObject:
  m_ObjectHideFlags: 0
  m_CorrespondingSourceObject: {fileID: 0}
  m_PrefabInstance: {fileID: 0}
  m_PrefabAsset: {fileID: 0}
  serializedVersion: 6
  m_Component:
  - component: {fileID: 3977132745038790055}
  m_Layer: 0
  m_Name: upper_arm.L
  m_TagString: Untagged
  m_Icon: {fileID: 0}
  m_NavMeshLayer: 0
  m_StaticEditorFlags: 0
  m_IsActive: 1
--- !u!4 &3977132745038790055
Transform:
  m_ObjectHideFlags: 0
  m_CorrespondingSourceObject: {fileID: 0}
  m_PrefabInstance: {fileID: 0}
  m_PrefabAsset: {fileID: 0}
  m_GameObject: {fileID: 3527712758530116228}
  m_LocalRotation: {x: 0.04614125, y: -0.7290769, z: 0.33189115, w: 0.5967965}
  m_LocalPosition: {x: -0.00007791537, y: 0.0020079096, z: -0.0002038495}
  m_LocalScale: {x: 0.99999994, y: 0.9999998, z: 1}
  m_Children:
  - {fileID: 1326872436835765289}
  m_Father: {fileID: 4724362258294168932}
  m_RootOrder: 0
  m_LocalEulerAnglesHint: {x: 0, y: 0, z: 0}
--- !u!1 &3780353451242128061
GameObject:
  m_ObjectHideFlags: 0
  m_CorrespondingSourceObject: {fileID: 0}
  m_PrefabInstance: {fileID: 0}
  m_PrefabAsset: {fileID: 0}
  serializedVersion: 6
  m_Component:
  - component: {fileID: 2948796897623956572}
  m_Layer: 0
  m_Name: forearm.R.001
  m_TagString: Untagged
  m_Icon: {fileID: 0}
  m_NavMeshLayer: 0
  m_StaticEditorFlags: 0
  m_IsActive: 1
--- !u!4 &2948796897623956572
Transform:
  m_ObjectHideFlags: 0
  m_CorrespondingSourceObject: {fileID: 0}
  m_PrefabInstance: {fileID: 0}
  m_PrefabAsset: {fileID: 0}
  m_GameObject: {fileID: 3780353451242128061}
  m_LocalRotation: {x: 0.00093530916, y: -0.000029060497, z: -0.019410284, w: 0.9998112}
  m_LocalPosition: {x: -8.707866e-10, y: 0.0043138443, z: 1.11758706e-10}
  m_LocalScale: {x: 0.9999999, y: 0.99999994, z: 0.9999999}
  m_Children: []
  m_Father: {fileID: 4805230342668988176}
  m_RootOrder: 0
  m_LocalEulerAnglesHint: {x: 8.487911, y: -0.1361406, z: -1.4732057}
--- !u!1 &4632499774918044582
GameObject:
  m_ObjectHideFlags: 0
  m_CorrespondingSourceObject: {fileID: 0}
  m_PrefabInstance: {fileID: 0}
  m_PrefabAsset: {fileID: 0}
  serializedVersion: 6
  m_Component:
  - component: {fileID: 3314312219734852195}
  m_Layer: 0
  m_Name: spine.005
  m_TagString: Untagged
  m_Icon: {fileID: 0}
  m_NavMeshLayer: 0
  m_StaticEditorFlags: 0
  m_IsActive: 1
--- !u!4 &3314312219734852195
Transform:
  m_ObjectHideFlags: 0
  m_CorrespondingSourceObject: {fileID: 0}
  m_PrefabInstance: {fileID: 0}
  m_PrefabAsset: {fileID: 0}
  m_GameObject: {fileID: 4632499774918044582}
  m_LocalRotation: {x: -0.1793585, y: 2.7151408e-21, z: 5.6339194e-22, w: 0.9837838}
  m_LocalPosition: {x: -3.4146015e-23, y: 0.000661634, z: 2.7939676e-10}
  m_LocalScale: {x: 1, y: 0.99999994, z: 0.99999994}
  m_Children: []
  m_Father: {fileID: 6515759131839579895}
  m_RootOrder: 0
  m_LocalEulerAnglesHint: {x: 0, y: 0, z: 0}
--- !u!1 &4905846255854238846
GameObject:
  m_ObjectHideFlags: 0
  m_CorrespondingSourceObject: {fileID: 0}
  m_PrefabInstance: {fileID: 0}
  m_PrefabAsset: {fileID: 0}
  serializedVersion: 6
  m_Component:
  - component: {fileID: 4877328229672980894}
  m_Layer: 0
  m_Name: thigh.R
  m_TagString: Untagged
  m_Icon: {fileID: 0}
  m_NavMeshLayer: 0
  m_StaticEditorFlags: 0
  m_IsActive: 1
--- !u!4 &4877328229672980894
Transform:
  m_ObjectHideFlags: 0
  m_CorrespondingSourceObject: {fileID: 0}
  m_PrefabInstance: {fileID: 0}
  m_PrefabAsset: {fileID: 0}
  m_GameObject: {fileID: 4905846255854238846}
  m_LocalRotation: {x: 0.99961233, y: 0.000000010121101, z: -0.00000011934932, w: 0.027841264}
  m_LocalPosition: {x: 0.0022643814, y: -0.00006355175, z: 0.0001233798}
  m_LocalScale: {x: 1, y: 0.99999994, z: 0.99994534}
  m_Children:
  - {fileID: 4536097577554205793}
  m_Father: {fileID: 3271993050371078309}
  m_RootOrder: 2
  m_LocalEulerAnglesHint: {x: 0, y: 0, z: 0}
--- !u!1 &6007126359950261077
GameObject:
  m_ObjectHideFlags: 0
  m_CorrespondingSourceObject: {fileID: 0}
  m_PrefabInstance: {fileID: 0}
  m_PrefabAsset: {fileID: 0}
  serializedVersion: 6
  m_Component:
  - component: {fileID: 1495899457353264800}
  m_Layer: 0
  m_Name: forearm.L.001
  m_TagString: Untagged
  m_Icon: {fileID: 0}
  m_NavMeshLayer: 0
  m_StaticEditorFlags: 0
  m_IsActive: 1
--- !u!4 &1495899457353264800
Transform:
  m_ObjectHideFlags: 0
  m_CorrespondingSourceObject: {fileID: 0}
  m_PrefabInstance: {fileID: 0}
  m_PrefabAsset: {fileID: 0}
  m_GameObject: {fileID: 6007126359950261077}
  m_LocalRotation: {x: -0.0011629552, y: -0.00000005056803, z: -0.000742257, w: 0.99999905}
  m_LocalPosition: {x: -2.0983862e-10, y: 0.0044998135, z: 4.6566128e-12}
  m_LocalScale: {x: 1, y: 1, z: 1}
  m_Children: []
  m_Father: {fileID: 1326872436835765289}
  m_RootOrder: 0
  m_LocalEulerAnglesHint: {x: 0, y: 0, z: 0}
--- !u!1 &6256356459401206800
GameObject:
  m_ObjectHideFlags: 0
  m_CorrespondingSourceObject: {fileID: 0}
  m_PrefabInstance: {fileID: 0}
  m_PrefabAsset: {fileID: 0}
  serializedVersion: 6
  m_Component:
  - component: {fileID: 5142900995257921400}
  m_Layer: 0
  m_Name: upper_arm.R
  m_TagString: Untagged
  m_Icon: {fileID: 0}
  m_NavMeshLayer: 0
  m_StaticEditorFlags: 0
  m_IsActive: 1
--- !u!4 &5142900995257921400
Transform:
  m_ObjectHideFlags: 0
  m_CorrespondingSourceObject: {fileID: 0}
  m_PrefabInstance: {fileID: 0}
  m_PrefabAsset: {fileID: 0}
  m_GameObject: {fileID: 6256356459401206800}
  m_LocalRotation: {x: 0.010769177, y: 0.7360513, z: -0.3472985, w: 0.58094424}
  m_LocalPosition: {x: 0.00040523082, y: 0.0025642111, z: -0.00014944181}
  m_LocalScale: {x: 1.0000001, y: 1, z: 1.0000001}
  m_Children:
  - {fileID: 4805230342668988176}
  m_Father: {fileID: 7044795718698896192}
  m_RootOrder: 0
  m_LocalEulerAnglesHint: {x: 0, y: 0, z: 0}
--- !u!1 &7689676964102049523
GameObject:
  m_ObjectHideFlags: 0
  m_CorrespondingSourceObject: {fileID: 0}
  m_PrefabInstance: {fileID: 0}
  m_PrefabAsset: {fileID: 0}
  serializedVersion: 6
  m_Component:
  - component: {fileID: 4724362258294168932}
  m_Layer: 0
  m_Name: shoulder.L
  m_TagString: Untagged
  m_Icon: {fileID: 0}
  m_NavMeshLayer: 0
  m_StaticEditorFlags: 0
  m_IsActive: 1
--- !u!4 &4724362258294168932
Transform:
  m_ObjectHideFlags: 0
  m_CorrespondingSourceObject: {fileID: 0}
  m_PrefabInstance: {fileID: 0}
  m_PrefabAsset: {fileID: 0}
  m_GameObject: {fileID: 7689676964102049523}
  m_LocalRotation: {x: -0.61752355, y: 0.35294035, z: 0.34912142, w: 0.6100919}
  m_LocalPosition: {x: -0.000183, y: 0.0044876114, z: 0.00080409483}
  m_LocalScale: {x: 1, y: 1, z: 1}
  m_Children:
  - {fileID: 3977132745038790055}
  m_Father: {fileID: 1301514330434322202}
  m_RootOrder: 0
  m_LocalEulerAnglesHint: {x: 0, y: 0, z: 0}
--- !u!1 &7999269245475419552
GameObject:
  m_ObjectHideFlags: 0
  m_CorrespondingSourceObject: {fileID: 0}
  m_PrefabInstance: {fileID: 0}
  m_PrefabAsset: {fileID: 0}
  serializedVersion: 6
  m_Component:
  - component: {fileID: 1326872436835765289}
  m_Layer: 0
  m_Name: forearm.L
  m_TagString: Untagged
  m_Icon: {fileID: 0}
  m_NavMeshLayer: 0
  m_StaticEditorFlags: 0
  m_IsActive: 1
--- !u!4 &1326872436835765289
Transform:
  m_ObjectHideFlags: 0
  m_CorrespondingSourceObject: {fileID: 0}
  m_PrefabInstance: {fileID: 0}
  m_PrefabAsset: {fileID: 0}
  m_GameObject: {fileID: 7999269245475419552}
  m_LocalRotation: {x: -0.159696, y: -0.19656925, z: 0.52812386, w: 0.8105202}
  m_LocalPosition: {x: -2.8754585e-10, y: 0.006082664, z: 1.9092113e-10}
  m_LocalScale: {x: 1, y: 0.9999999, z: 0.9999998}
  m_Children:
  - {fileID: 1495899457353264800}
  m_Father: {fileID: 3977132745038790055}
  m_RootOrder: 0
  m_LocalEulerAnglesHint: {x: 15.314165, y: 15.398296, z: 65.454185}
