%YAML 1.1
%TAG !u! tag:unity3d.com,2011:
--- !u!1 &3263801951106609543
GameObject:
  m_ObjectHideFlags: 0
  m_CorrespondingSourceObject: {fileID: 0}
  m_PrefabInstance: {fileID: 0}
  m_PrefabAsset: {fileID: 0}
  serializedVersion: 6
  m_Component:
  - component: {fileID: 3263801951106609544}
  m_Layer: 0
  m_Name: PartToRotate
  m_TagString: Untagged
  m_Icon: {fileID: 0}
  m_NavMeshLayer: 0
  m_StaticEditorFlags: 0
  m_IsActive: 1
--- !u!4 &3263801951106609544
Transform:
  m_ObjectHideFlags: 0
  m_CorrespondingSourceObject: {fileID: 0}
  m_PrefabInstance: {fileID: 0}
  m_PrefabAsset: {fileID: 0}
  m_GameObject: {fileID: 3263801951106609543}
  m_LocalRotation: {x: 0, y: 1, z: 0, w: 0}
  m_LocalPosition: {x: -0.028999954, y: 0.25300026, z: 0.0029997826}
  m_LocalScale: {x: 0.34999993, y: 0.35, z: 0.34999993}
  m_Children:
  - {fileID: 7508044132424984965}
  - {fileID: 3263801951837396147}
  m_Father: {fileID: 3263801951399651848}
  m_RootOrder: 0
  m_LocalEulerAnglesHint: {x: 0, y: 180, z: 0}
--- !u!1 &3263801951399651847
GameObject:
  m_ObjectHideFlags: 0
  m_CorrespondingSourceObject: {fileID: 0}
  m_PrefabInstance: {fileID: 0}
  m_PrefabAsset: {fileID: 0}
  serializedVersion: 6
  m_Component:
  - component: {fileID: 3263801951399651848}
  - component: {fileID: 3263801951399651849}
  m_Layer: 0
  m_Name: Cannon
  m_TagString: Untagged
  m_Icon: {fileID: 0}
  m_NavMeshLayer: 0
  m_StaticEditorFlags: 0
  m_IsActive: 1
--- !u!4 &3263801951399651848
Transform:
  m_ObjectHideFlags: 0
  m_CorrespondingSourceObject: {fileID: 0}
  m_PrefabInstance: {fileID: 0}
  m_PrefabAsset: {fileID: 0}
  m_GameObject: {fileID: 3263801951399651847}
  m_LocalRotation: {x: 0, y: 0, z: 0, w: 1}
  m_LocalPosition: {x: 2.32, y: -1.24, z: 6}
  m_LocalScale: {x: 1, y: 1, z: 1}
  m_Children:
  - {fileID: 3263801951106609544}
  - {fileID: 7508044132494725336}
  m_Father: {fileID: 0}
  m_RootOrder: 0
  m_LocalEulerAnglesHint: {x: 0, y: 0, z: 0}
--- !u!114 &3263801951399651849
MonoBehaviour:
  m_ObjectHideFlags: 0
  m_CorrespondingSourceObject: {fileID: 0}
  m_PrefabInstance: {fileID: 0}
  m_PrefabAsset: {fileID: 0}
  m_GameObject: {fileID: 3263801951399651847}
  m_Enabled: 1
  m_EditorHideFlags: 0
  m_Script: {fileID: 11500000, guid: 7082a7f0e4043184f8fa042e064a5bc9, type: 3}
  m_Name: 
  m_EditorClassIdentifier: 
  Target: {fileID: 0}
  bulletSpawnPoint: {fileID: 3263801951837396147}
  bulletPrefab: {fileID: 1040117917027666182, guid: 5d1b85599346fea429cabc4af9db6c90,
    type: 3}
  range: 2
  partToRotate: {fileID: 3263801951106609544}
  turnSpeed: 8
  fireRate: 1
  useLaser: 0
  lineRenderer: {fileID: 0}
  impactEffect: {fileID: 0}
  impactLight: {fileID: 0}
  slowPercentage: 0.5
--- !u!1 &3263801951837396146
GameObject:
  m_ObjectHideFlags: 0
  m_CorrespondingSourceObject: {fileID: 0}
  m_PrefabInstance: {fileID: 0}
  m_PrefabAsset: {fileID: 0}
  serializedVersion: 6
  m_Component:
  - component: {fileID: 3263801951837396147}
  m_Layer: 0
  m_Name: FirePoint
  m_TagString: Untagged
  m_Icon: {fileID: 0}
  m_NavMeshLayer: 0
  m_StaticEditorFlags: 0
  m_IsActive: 1
--- !u!4 &3263801951837396147
Transform:
  m_ObjectHideFlags: 0
  m_CorrespondingSourceObject: {fileID: 0}
  m_PrefabInstance: {fileID: 0}
  m_PrefabAsset: {fileID: 0}
  m_GameObject: {fileID: 3263801951837396146}
  m_LocalRotation: {x: 0, y: 0, z: 0, w: 1}
  m_LocalPosition: {x: 0, y: -0.078, z: 1.394}
  m_LocalScale: {x: 1, y: 1, z: 1}
  m_Children: []
  m_Father: {fileID: 3263801951106609544}
  m_RootOrder: 1
  m_LocalEulerAnglesHint: {x: 0, y: 0, z: 0}
--- !u!1001 &3263801952814498463
PrefabInstance:
  m_ObjectHideFlags: 0
  serializedVersion: 2
  m_Modification:
    m_TransformParent: {fileID: 3263801951106609544}
    m_Modifications:
    - target: {fileID: -4216859302048453862, guid: aeff249d4e03b7e479701dccf3b120f4,
        type: 3}
      propertyPath: m_LocalPosition.x
      value: 2.1400003
      objectReference: {fileID: 0}
    - target: {fileID: -4216859302048453862, guid: aeff249d4e03b7e479701dccf3b120f4,
        type: 3}
      propertyPath: m_LocalPosition.y
      value: -2.774
      objectReference: {fileID: 0}
    - target: {fileID: -4216859302048453862, guid: aeff249d4e03b7e479701dccf3b120f4,
        type: 3}
      propertyPath: m_LocalPosition.z
      value: -2.0971425
      objectReference: {fileID: 0}
    - target: {fileID: -4216859302048453862, guid: aeff249d4e03b7e479701dccf3b120f4,
        type: 3}
      propertyPath: m_LocalRotation.x
      value: -0
      objectReference: {fileID: 0}
    - target: {fileID: -4216859302048453862, guid: aeff249d4e03b7e479701dccf3b120f4,
        type: 3}
      propertyPath: m_LocalRotation.y
      value: -0.7071068
      objectReference: {fileID: 0}
    - target: {fileID: -4216859302048453862, guid: aeff249d4e03b7e479701dccf3b120f4,
        type: 3}
      propertyPath: m_LocalRotation.z
      value: -0
      objectReference: {fileID: 0}
    - target: {fileID: -4216859302048453862, guid: aeff249d4e03b7e479701dccf3b120f4,
        type: 3}
      propertyPath: m_LocalRotation.w
      value: -0.7071068
      objectReference: {fileID: 0}
    - target: {fileID: -4216859302048453862, guid: aeff249d4e03b7e479701dccf3b120f4,
        type: 3}
      propertyPath: m_RootOrder
      value: 0
      objectReference: {fileID: 0}
    - target: {fileID: -4216859302048453862, guid: aeff249d4e03b7e479701dccf3b120f4,
        type: 3}
      propertyPath: m_LocalEulerAnglesHint.x
      value: 0
      objectReference: {fileID: 0}
    - target: {fileID: -4216859302048453862, guid: aeff249d4e03b7e479701dccf3b120f4,
        type: 3}
      propertyPath: m_LocalEulerAnglesHint.y
      value: -90
      objectReference: {fileID: 0}
    - target: {fileID: -4216859302048453862, guid: aeff249d4e03b7e479701dccf3b120f4,
        type: 3}
      propertyPath: m_LocalEulerAnglesHint.z
      value: 0
      objectReference: {fileID: 0}
    - target: {fileID: -4216859302048453862, guid: aeff249d4e03b7e479701dccf3b120f4,
        type: 3}
      propertyPath: m_LocalScale.x
      value: 1
      objectReference: {fileID: 0}
    - target: {fileID: -4216859302048453862, guid: aeff249d4e03b7e479701dccf3b120f4,
        type: 3}
      propertyPath: m_LocalScale.y
      value: 1
      objectReference: {fileID: 0}
    - target: {fileID: -4216859302048453862, guid: aeff249d4e03b7e479701dccf3b120f4,
        type: 3}
      propertyPath: m_LocalScale.z
      value: 1
      objectReference: {fileID: 0}
    - target: {fileID: -927199367670048503, guid: aeff249d4e03b7e479701dccf3b120f4,
        type: 3}
      propertyPath: m_Name
      value: Cannon
      objectReference: {fileID: 0}
    m_RemovedComponents: []
  m_SourcePrefab: {fileID: 100100000, guid: aeff249d4e03b7e479701dccf3b120f4, type: 3}
--- !u!4 &7508044132424984965 stripped
Transform:
  m_CorrespondingSourceObject: {fileID: -4216859302048453862, guid: aeff249d4e03b7e479701dccf3b120f4,
    type: 3}
  m_PrefabInstance: {fileID: 3263801952814498463}
  m_PrefabAsset: {fileID: 0}
--- !u!1001 &3263801952883211202
PrefabInstance:
  m_ObjectHideFlags: 0
  serializedVersion: 2
  m_Modification:
    m_TransformParent: {fileID: 3263801951399651848}
    m_Modifications:
    - target: {fileID: -5975033157549033438, guid: f772254ea18781d418bb3c444103c560,
        type: 3}
      propertyPath: m_LocalPosition.x
      value: -11.83
      objectReference: {fileID: 0}
    - target: {fileID: -5975033157549033438, guid: f772254ea18781d418bb3c444103c560,
        type: 3}
      propertyPath: m_LocalScale.x
      value: 0.1
      objectReference: {fileID: 0}
    - target: {fileID: -5975033157549033438, guid: f772254ea18781d418bb3c444103c560,
        type: 3}
      propertyPath: m_LocalScale.y
      value: 0.1
      objectReference: {fileID: 0}
    - target: {fileID: -5975033157549033438, guid: f772254ea18781d418bb3c444103c560,
        type: 3}
      propertyPath: m_LocalScale.z
      value: 0.1
      objectReference: {fileID: 0}
    - target: {fileID: -5975033157549033438, guid: f772254ea18781d418bb3c444103c560,
        type: 3}
      propertyPath: m_LocalPosition.y
      value: 0.36
      objectReference: {fileID: 0}
    - target: {fileID: -5975033157549033438, guid: f772254ea18781d418bb3c444103c560,
        type: 3}
      propertyPath: m_LocalPosition.z
      value: -4.78
      objectReference: {fileID: 0}
    - target: {fileID: -4216859302048453862, guid: f772254ea18781d418bb3c444103c560,
        type: 3}
      propertyPath: m_LocalPosition.x
      value: 12.47
      objectReference: {fileID: 0}
    - target: {fileID: -4216859302048453862, guid: f772254ea18781d418bb3c444103c560,
        type: 3}
      propertyPath: m_LocalPosition.y
      value: -1.49
      objectReference: {fileID: 0}
    - target: {fileID: -4216859302048453862, guid: f772254ea18781d418bb3c444103c560,
        type: 3}
      propertyPath: m_LocalPosition.z
      value: 5.44
      objectReference: {fileID: 0}
    - target: {fileID: -4216859302048453862, guid: f772254ea18781d418bb3c444103c560,
        type: 3}
      propertyPath: m_LocalRotation.x
      value: -0
      objectReference: {fileID: 0}
    - target: {fileID: -4216859302048453862, guid: f772254ea18781d418bb3c444103c560,
        type: 3}
      propertyPath: m_LocalRotation.y
      value: -0
      objectReference: {fileID: 0}
    - target: {fileID: -4216859302048453862, guid: f772254ea18781d418bb3c444103c560,
        type: 3}
      propertyPath: m_LocalRotation.z
      value: -0
      objectReference: {fileID: 0}
    - target: {fileID: -4216859302048453862, guid: f772254ea18781d418bb3c444103c560,
        type: 3}
      propertyPath: m_LocalRotation.w
      value: 1
      objectReference: {fileID: 0}
    - target: {fileID: -4216859302048453862, guid: f772254ea18781d418bb3c444103c560,
        type: 3}
      propertyPath: m_RootOrder
      value: 1
      objectReference: {fileID: 0}
    - target: {fileID: -4216859302048453862, guid: f772254ea18781d418bb3c444103c560,
        type: 3}
      propertyPath: m_LocalEulerAnglesHint.x
      value: 0
      objectReference: {fileID: 0}
    - target: {fileID: -4216859302048453862, guid: f772254ea18781d418bb3c444103c560,
        type: 3}
      propertyPath: m_LocalEulerAnglesHint.y
      value: 0
      objectReference: {fileID: 0}
    - target: {fileID: -4216859302048453862, guid: f772254ea18781d418bb3c444103c560,
        type: 3}
      propertyPath: m_LocalEulerAnglesHint.z
      value: 0
      objectReference: {fileID: 0}
    - target: {fileID: -2416733968201007103, guid: f772254ea18781d418bb3c444103c560,
        type: 3}
      propertyPath: m_Materials.Array.data[0]
      value: 
      objectReference: {fileID: 2100000, guid: cfc2c708e5b99354fbb4720965cc5d89, type: 2}
    - target: {fileID: -927199367670048503, guid: f772254ea18781d418bb3c444103c560,
        type: 3}
      propertyPath: m_Name
      value: Tower
      objectReference: {fileID: 0}
    m_RemovedComponents: []
  m_SourcePrefab: {fileID: 100100000, guid: f772254ea18781d418bb3c444103c560, type: 3}
--- !u!4 &7508044132494725336 stripped
Transform:
  m_CorrespondingSourceObject: {fileID: -4216859302048453862, guid: f772254ea18781d418bb3c444103c560,
    type: 3}
  m_PrefabInstance: {fileID: 3263801952883211202}
  m_PrefabAsset: {fileID: 0}
